%books citation
@book{slct_Hei_Szx,
author = "孙周兴",
year = "1996",
title = "海德格尔选集",
publisher = "上海三联书店"
}